@misc{affectiva,
  author = {Affectiva},
  title = {Affectiva SDK: A Cross-Platform RealTime Multi-Face Expression Recognition Toolkit},
  howpublished = {\url{https://www.affectiva.com/science-resource/affdex-sdk-a-cross-platform-realtime-multi-face-expression-recognition-toolkit/}},
  note = {Accessed: 2017-08-20},
  year = 2017
}

@misc{affectiva:analyze,
  author = {Affectiva},
  title = {Analyze the camera stream},
  howpublished = {\url{https://knowledge.affectiva.com/v3.2/docs/analyze-the-camera-stream-3}},
  note = {Accessed: 2017-08-20},
  year = 2017
}
